@misc{statista,   
    title = {Monthly peak concurrent players of PUBG: Battlegrounds on Steam},  
    author = {J. Clement},  
    howpublished = {\url{https://www.statista.com/statistics/755111/pubg-number-players/}},  
    year = {2023},   
    note = {Accessed on October 3, 2023} 
},

@misc{krafton,
    title = {KRAFTON, INC. REPORTS $1.57 BILLION USD IN REVENUE FOR 2021, THE HIGHEST IN THE COMPANY'S HISTORY},
    author = {Krafton Inc.},
    howpublished = {\url{https://press.krafton.com/KRAFTON-INC-REPORTS-157-BILLION-USD-IN-REVENUE-FOR-2021-THE-HIGHE}},
    year = {2022},
    note = {Accessed on October 2, 2023}
}