@article{shannon1948mathematical,
	title={A mathematical theory of communication},
	author={Shannon, Claude Elwood},
	journal={The Bell system technical journal},
	volume={27},
	number={3},
	pages={379--423},
	year={1948},
	publisher={Nokia Bell Labs}
}

@incollection{von2007theory,
	title={Theory of games and economic behavior},
	author={Von Neumann, John and Morgenstern, Oskar},
	booktitle={Theory of games and economic behavior},
	year={2007},
	publisher={Princeton university press}
}

@article{lin1991divergence,
  title={Divergence measures based on the Shannon entropy},
  author={Lin, Jianhua},
  journal={IEEE Transactions on Information theory},
  volume={37},
  number={1},
  pages={145--151},
  year={1991},
  publisher={IEEE}
}
@misc{aws_acm,
    title = {AWS Certificate Manager},
    author = {Amazon Web Services},
    howpublished = {\url{https://docs.aws.amazon.com/acm/latest/userguide/acm-overview.html}},
    year = {2023},
    note = {Accessed on November 13, 2023}
},
@misc{statista,   
    title = {Monthly peak concurrent players of PUBG: Battlegrounds on Steam},  
    author = {J. Clement},  
    howpublished = {\url{https://www.statista.com/statistics/755111/pubg-number-players/}},  
    year = {2023},   
    note = {Accessed on October 3, 2023} 
},